@misc{codelearn,
    title = {Codelearn},
    author = {Bernat Foj Capell},
    year = {2013},
    howpublished = {\url{https://www.codelearn.es}},
    note = {Accedido el: 24 de Octubre, 2023}
}


@misc{dreambox,
    title = {DreamBox Learning},
    author = {Discovery Education},
    year = {2022},
    howpublished = {\url{http://www.dreambox.com/}},
    note = {Accedido el: 24 de Octubre, 2023}
}

@misc{fastforword,
    title = {Fast Forword},
    author = {Carnegie Learning},
    year = {2021},
    howpublished = {\url{https://www.scilearn.com/#}},
    note = {Accedido el: 24 de Octubre, 2023}
}

@proceedings{ITS2016,
    title={Adaptative Learning in real world contexts},
    year={2016},
    address={Zagreb},
    organization={IIS International},
    note={13ava Conferencia Internacional sobre los Sistemas de Tutorización Inteligente}
}

@proceedings{ITS2020,
    title={Artifical Intelligence and Beyond: from Alpha to Omega},
    year={2020},
    address={Athens (Online Conference)},
    organization={IIS International},
    note={16ava Conferencia Internacional  sobre los Sistemas de Tutorización Inteligente}
}

@proceedings{ITS2021,
    title={Intelligent Tutoring Sytems in an Online world},
    year={2021},
    address={Athens (Online Conference)},
    organization={IIS International},
    note={17ava Conferencia Internacional  sobre los Sistemas de Tutorización Inteligente}
}

@misc{edx,
    title = {edX},
    author = {MIT y Harvard},
    year = {2012},
    howpublished = {\url{https://www.edx.org}},
    note = {Accedido el: 25 de Octubre, 2023}
}

@misc{coursera,
    title = {Coursera for Campus},
    author = {Andrew Ng Daphne Koller},
    year = {2011},
    howpublished = {\url{https://www.coursera.org/campus}},
    note = {Accedido el: 25 de Octubre, 2023}
}

@misc{googleitsupport,
    title = {Google IT Support Professional Certificate},
    author = {Google},
    year = {2023},
    howpublished = {\url{https://grow.google/it-cert/}},
    note = {Accedido el: 25 de Octubre, 2023}
}

@misc{touchsurgery,
    title = {Touch Surgery Simulator},
    author = {Medtronic},
    year = {2019},
    howpublished = {\url{https://www.touchsurgery.com/simulations}},
    note = {Accedido el: 25 de Octubre, 2023}
}

@misc{f35training,
    title = {F-35 Lightning II Training System},
    author = {Lockheed Martin},
    year = {2021},
    howpublished = {\url{https://www.lockheedmartin.com/en-us/products/f-35-lightning-ii-training-systems.html}},
    note = {Accedido el: 25 de Octubre, 2023}
}

@misc{dragonbox,
    title = {The DragonBox Method},
    author = {DragonBox},
    year = {2022},
    howpublished = {\url{https://dragonbox.com/}},
    note = {Accedido el: 25 de Octubre, 2023}
}

@misc{civilizationedu,
    title = {Civilization EDU},
    author = {GlassLab y Take-Two Interactive Software, Inc.},
    year = {2016},
    howpublished = {\url{https://civilization.com/es-ES/}},
    note = {Accedido el: 25 de Octubre, 2023}
}

@article{xu2022design,
    title={Design and Implementation of Intelligent Teaching System Based on Artificial Intelligence and Computer Technology},
    author={Xu, Shuai, Wang, Ting,  Dai, Jiahai y Wu, DanLin},
    journal={Security and Communication Networks},
    volume={2022},
    year={2022},
    publisher={Hindawi},
}

@article{cataldiSISTEMAS,
    title={SISTEMAS TUTORES INTELIGENTES ORIENTADOS A LA ENSEÑANZA PARA LA COMPRENSIÓN},
    author={Cataldi, Zulma y Lage, Fernando J.},
    journal={Facultad Regional Buenos Aires Universidad Tecnológica Nacional. Facultad de Ingeniería. Universidad de Buenos Aires.},
}
